<collection xmlns="http://www.loc.gov/MARC21/slim">
<record>
  <leader>02151nam0a2200349 i 450 </leader>
  <controlfield tag="001">IT\ICCU\CNCE\072601</controlfield>
  <controlfield tag="005">20160309000000.0</controlfield>
  <datafield tag="012" ind1=" " ind2=" ">
    <subfield code="a">o.ud cus: s.t. plCa (C) 1520 (R)</subfield>
    <subfield code="2">fei</subfield>
  </datafield>
  <datafield tag="100" ind1=" " ind2=" ">
    <subfield code="a">20080401d1520        0itac0103    ba</subfield>
  </datafield>
  <datafield tag="101" ind1=" " ind2=" ">
    <subfield code="a">LAT</subfield>
  </datafield>
  <datafield tag="102" ind1=" " ind2=" ">
    <subfield code="a">IT</subfield>
  </datafield>
  <datafield tag="200" ind1="1" ind2=" ">
    <subfield code="a">℗Pilade ℗Vocabularium tanto ceteris castigatus, quanto reliqua exempla corruptiora; addita est etiam lima Valle orthographiae; que tibi studiose puer antea nihil profuit. Libellum lege hec comprobabis. Valle</subfield>
  </datafield>
  <datafield tag="210" ind1=" " ind2=" ">
    <subfield code="e">Impressum Mediolani</subfield>
    <subfield code="g">per Iohannem de Castelliono</subfield>
    <subfield code="g">ad instantiam domini Ioan. Iacobi fratres de Legnano chalcographi</subfield>
    <subfield code="h">1520 die VIII mensis Maij</subfield>
  </datafield>
  <datafield tag="215" ind1=" " ind2=" ">
    <subfield code="a">\44! c.</subfield>
    <subfield code="d">4ʻ</subfield>
  </datafield>
  <datafield tag="620" ind1=" " ind2=" ">
    <subfield code="a">IT</subfield>
    <subfield code="d">Milano</subfield>
  </datafield>
  <datafield tag="700" ind1=" " ind2="1">
    <subfield code="a">Boccardo,</subfield>
    <subfield code="b">Giovanni Francesco</subfield>
    <subfield code="3">IT\ICCU\CNCA\000125</subfield>
  </datafield>
  <datafield tag="712" ind1="0" ind2="0">
    <subfield code="a">Castiglione, Giovanni</subfield>
    <subfield code="3">IT\ICCU\CNCT\000211</subfield>
    <subfield code="4">650</subfield>
  </datafield>
  <datafield tag="712" ind1="0" ind2="0">
    <subfield code="a">Da_Legnano, Giovanni Giacomo &amp; fratelli</subfield>
    <subfield code="3">IT\ICCU\CNCT\001554</subfield>
    <subfield code="4">650</subfield>
  </datafield>
  <datafield tag="790" ind1=" " ind2="0">
    <subfield code="a">Pylades</subfield>
    <subfield code="3">IT\ICCU\CNCA\002350</subfield>
    <subfield code="z">Boccardo, Giovanni Francesco</subfield>
  </datafield>
  <datafield tag="790" ind1=" " ind2="0">
    <subfield code="a">Pilade</subfield>
    <subfield code="3">IT\ICCU\CNCA\012800</subfield>
    <subfield code="z">Boccardo, Giovanni Francesco</subfield>
  </datafield>
  <datafield tag="790" ind1=" " ind2="1">
    <subfield code="a">Buccardus,</subfield>
    <subfield code="b">Joannes Franciscus</subfield>
    <subfield code="3">IT\ICCU\CNCA\012801</subfield>
    <subfield code="z">Boccardo, Giovanni Francesco</subfield>
  </datafield>
  <datafield tag="790" ind1=" " ind2="1">
    <subfield code="a">Pilade,</subfield>
    <subfield code="b">Giovanni Francesco Boccardo</subfield>
    <subfield code="3">IT\ICCU\CNCA\027218</subfield>
    <subfield code="z">Boccardo, Giovanni Francesco</subfield>
  </datafield>
  <datafield tag="791" ind1="0" ind2="0">
    <subfield code="a">Castilioneus, Zanotus</subfield>
    <subfield code="3">IT\ICCU\CNCT\003664</subfield>
    <subfield code="z">Castiglione, Giovanni</subfield>
  </datafield>
  <datafield tag="791" ind1="0" ind2="0">
    <subfield code="a">Castelliono, Iohannes de</subfield>
    <subfield code="3">IT\ICCU\CNCT\004534</subfield>
    <subfield code="z">Castiglione, Giovanni</subfield>
  </datafield>
  <datafield tag="791" ind1="0" ind2="0">
    <subfield code="a">Castelliono, Zanotus de</subfield>
    <subfield code="3">IT\ICCU\CNCT\004535</subfield>
    <subfield code="z">Castiglione, Giovanni</subfield>
  </datafield>
  <datafield tag="791" ind1="0" ind2="0">
    <subfield code="a">Castione, Zanoto de</subfield>
    <subfield code="3">IT\ICCU\CNCT\004538</subfield>
    <subfield code="z">Castiglione, Giovanni</subfield>
  </datafield>
  <datafield tag="791" ind1="0" ind2="0">
    <subfield code="a">Castilione, Iohannetus de</subfield>
    <subfield code="3">IT\ICCU\CNCT\004539</subfield>
    <subfield code="z">Castiglione, Giovanni</subfield>
  </datafield>
  <datafield tag="791" ind1="0" ind2="2">
    <subfield code="a">Zanotto da Castiglione</subfield>
    <subfield code="3">IT\ICCU\CNCT\004540</subfield>
    <subfield code="z">Castiglione, Giovanni</subfield>
  </datafield>
  <datafield tag="801" ind1=" " ind2="3">
    <subfield code="a">IT</subfield>
    <subfield code="b">ICCU</subfield>
    <subfield code="c">20201115</subfield>
  </datafield>
  <datafield tag="899" ind1=" " ind2=" ">
    <subfield code="a">Archivio storico civico e Biblioteca Trivulziana. Milano</subfield>
    <subfield code="1">MI0327</subfield>
    <subfield code="2">LO1 13</subfield>
  </datafield>
  <datafield tag="911" ind1=" " ind2=" ">
    <subfield code="a">Sul front.</subfield>
    <subfield code="9">IT\ICCU\CNCM\001284</subfield>
  </datafield>
  <datafield tag="921" ind1=" " ind2=" ">
    <subfield code="a">IT\ICCU\CNCM\001284</subfield>
    <subfield code="b">Angelo sostiene tra le braccia l&apos;ostia raggiante con al centro il monogramma di Cristo e intorno al cerchio: Io. Iacobo e frat D. Legnano. In basso: IOL</subfield>
    <subfield code="c">U269</subfield>
    <subfield code="d">Dimensioni: 7 x 10,5</subfield>
    <subfield code="f">ANGELO</subfield>
    <subfield code="f">IOL</subfield>
    <subfield code="g">1519-1523</subfield>
  </datafield>
</record>
</collection>
